% Encoding: UTF-8

@Article{Lagoze2014,
  author   = {Carl Lagoze},
  title    = {Big Data, data integrity, and the fracturing of the control zone},
  journal  = {Big Data and Society},
  year     = {2014},
  volume   = {1},
  number   = {2},
  pages    = {1-11},
  month    = {NO},
  doi      = {10.1177/2053951714558281},
  keywords = {Big Data, control zone, paradigm shift, sociotechnical},
  url      = {http://journals.sagepub.com/doi/10.1177/2053951714558281},
}

@Misc{Anderson2008,
  author       = {Chris Anderson},
  title        = {The End of Theory: The Data Deluge Makes the Scientific Method Obsolete},
  howpublished = {Website},
  month        = jun,
  year         = {2008},
  url          = {https://www.wired.com/2008/06/pb-theory/},
}

@Misc{Angwin2017,
  author  = {Julia Angwin and Jeff Larson, Surya Mattu and Lauren Kirchner},
  title   = {Machine Bias},
  month   = {MAY},
  year    = {2016},
  journal = {ProPublica},
  url     = {https://www.propublica.org/article/machine-bias-risk-assessments-in-criminal-sentencing},
}

@Misc{Brown2017,
  author  = {Meta Brown},
  title   = {Math Isn't Biased, But Big Data Is.},
  month   = {AUG},
  year    = {2017},
  journal = {Forbes},
  url     = {https://www.forbes.com/sites/metabrown/2017/08/30/math-isnt-biased-but-big-data-is/#2d6691dd4d56},
}

@Misc{Eckhouse2017,
  author  = {Laurel Eckhouse},
  title   = {Big data may be reinforcing racial bias in the criminal justice system},
  month   = {FEB},
  year    = {2017},
  journal = {The Washington Post},
  url     = {https://www.washingtonpost.com/opinions/big-data-may-be-reinforcing-racial-bias-in-the-criminal-justice-system/2017/02/10/d63de518-ee3a-11e6-9973-c5efb7ccfb0d_story.html?utm_term=.0ee1409ec5c0#comments},
}

@Misc{Wharton2016,
  author = {Wharton},
  title  = {`Rogue Algorithms' and the Dark Side of Big Data},
  month  = sep,
  year   = {2016},
  url    = {http://knowledge.wharton.upenn.edu/article/rogue-algorithms-dark-side-big-data/},
}

@Misc{Harford2014,
  author = {Tim Harford},
  title  = {Big data: are we making a big mistake?},
  month  = mar,
  year   = {2014},
  url    = {https://www.ft.com/content/21a6e7d8-b479-11e3-a09a-00144feabdc0},
}

@Misc{Crawford2013,
  author = {Kate Crawford},
  title  = {The Hidden Biases in Big Data},
  month  = apr,
  year   = {2013},
  url    = {https://hbr.org/2013/04/the-hidden-biases-in-big-data},
}

@Conference{Boyd-Crawford2011,
  author    = {Danah Boyd and Kate Crawford},
  title     = {A Decade in Internet Time: Symposium on the Dynamics of the Internet and Society},
  booktitle = {Six Provocations for Big Data},
  year      = {2011},
  month     = sep,
  url       = {https://ssrn.com/abstract=1926431},
}

@Misc{Crossen2006,
  author = {Cynthia Crossen},
  title  = {Fiasco in 1936 Survey Brought 'Science' To Election Polling},
  month  = oct,
  year   = {2006},
  url    = {https://www.wsj.com/articles/SB115974322285279370},
}

@Misc{Gartner2015,
  author = {Laurence Goasduff},
  title  = {Gartner Says Business Intelligence and Analytics Leaders Must Focus on Mindsets and Culture to Kick Start Advanced Analytics},
  month  = sep,
  year   = {2015},
  url    = {https://www.gartner.com/newsroom/id/3130017},
}

@Misc{Brennan2015,
  author = {Michael Brennan},
  title  = {Can computers be racist? Big data, inequality, and discrimination},
  month  = nov,
  year   = {2015},
  url    = {https://www.fordfoundation.org/ideas/equals-change-blog/posts/can-computers-be-racist-big-data-inequality-and-discrimination/},
}

@Misc{Liu2017,
  author = {Jasmine Liu},
  title  = {Big data and the creation of a self-fulfilling prophecy},
  month  = apr,
  year   = {2017},
  url    = {https://www.stanforddaily.com/2017/04/05/big-data-and-the-creation-of-a-self-fulfilling-prophecy/},
}

@Misc{Duhigg2012,
  author = {Charles Duhigg},
  title  = {How Companies Learn Your Secrets},
  month  = feb,
  year   = {2012},
  url    = {http://www.nytimes.com/2012/02/19/magazine/shopping-habits.html?_r=1&hp=&pagewanted=all},
}

@Article{Hersher2017,
  author  = {Rebecca Hersher},
  title   = {What Happened When Dylann Roof Asked Google For Information About Race?},
  journal = {National Public Radio},
  year    = {2017},
  month   = {JAN},
  url     = {https://www.npr.org/sections/thetwo-way/2017/01/10/508363607/what-happened-when-dylann-roof-asked-google-for-information-about-race},
}

@Comment{jabref-meta: databaseType:bibtex;}
