@Article{Keystone,
  author   = {Carl Lagoze},
  title    = {Big Data, data integrity, and the fracturing of the control zone},
  journal  = {Big Data and Society},
  year     = {2014},
  month    = {NO},
  doi      = {10.1177/2053951714558281},
  keywords = {Big Data, control zone, paradigm shift, sociotechnical},
  url      = {http://journals.sagepub.com/doi/10.1177/2053951714558281},
}
